@article{Ly2024,
  author =	 {Jimmy Ly and KeHui Xiang and Kuan-Chung Su and Gunter B. Sissoko and David P. Bartel and Iain M. Cheeseman},
  doi =		 {10.1038/s41586-024-08088-3},
  journal =	 {Nature},
  volume = {635},
  pages =	 {490--498},
  title =	 {{Nuclear release of eIF1 restricts start-codon selection during mitosis}},
  url = {https://doi.org/10.1038/s41586-024-08088-3},
  year =	 2024
}

